@techreport{pcg,
    title = "PCG: A Family of Simple Fast Space-Efficient Statistically Good Algorithms for Random Number Generation",
    author = "Melissa E. O'Neill",
    institution = "Harvey Mudd College",
    address = "Claremont, CA",
    number = "HMC-CS-2014-0905",
    year = "2014",
    month = Sep,
    xurl = "https://www.cs.hmc.edu/tr/hmc-cs-2014-0905.pdf",
}
